@ARTICLE{2008ApJ...687..919W,
   author = {{Wang}, Y. and {Yang}, X. and {Mo}, H.~J. and {van den Bosch}, F.~C. and 
	{Weinmann}, S.~M. and {Chu}, Y.},
    title = "{The Clustering of SDSS Galaxy Groups: Mass and Color Dependence}",
  journal = {\apj},
archivePrefix = "arXiv",
   eprint = {0711.4431},
 keywords = {dark matter, galaxies: halos, large-scale structure of universe},
     year = 2008,
    month = nov,
   volume = 687,
      eid = {919-935},
    pages = {919-935},
      doi = {10.1086/591836},
   adsurl = {http://adsabs.harvard.edu/abs/2008ApJ...687..919W},
  adsnote = {Provided by the SAO/NASA Astrophysics Data System}
}