@ARTICLE{2008ApJ...687..919W,
   author = {{Wang}, Y. and {Yang}, X. and {Mo}, H.~J. and {van den Bosch}, F.~C. and 
	{Weinmann}, S.~M. and {Chu}, Y.},
    title = "{The Clustering of SDSS Galaxy Groups: Mass and Color Dependence}",
  journal = {\apj},
archivePrefix = "arXiv",
   eprint = {0711.4431},
 keywords = {dark matter, galaxies: halos, large-scale structure of universe},
     year = 2008,
    month = nov,
   volume = 687,
      eid = {919-935},
    pages = {919-935},
      doi = {10.1086/591836},
   adsurl = {http://adsabs.harvard.edu/abs/2008ApJ...687..919W},
  adsnote = {Provided by the SAO/NASA Astrophysics Data System}
}

@ARTICLE{boss_dr12_bao,
   author = {{Ross}, A.~J. and {Beutler}, F. and {Chuang}, C.-H. and {Pellejero-Ibanez}, M. and 
	{Seo}, H.-J. and {Vargas-Maga{\~n}a}, M. and {Cuesta}, A.~J. and 
	{Percival}, W.~J. and {Burden}, A. and {S{\'a}nchez}, A.~G. and 
	{Grieb}, J.~N. and {Reid}, B. and {Brownstein}, J.~R. and {Dawson}, K.~S. and 
	{Eisenstein}, D.~J. and {Ho}, S. and {Kitaura}, F.-S. and {Nichol}, R.~C. and 
	{Olmstead}, M.~D. and {Prada}, F. and {Rodr{\'{\i}}guez-Torres}, S.~A. and 
	{Saito}, S. and {Salazar-Albornoz}, S. and {Schneider}, D.~P. and 
	{Thomas}, D. and {Tinker}, J. and {Tojeiro}, R. and {Wang}, Y. and 
	{White}, M. and {Zhao}, G.-b.},
    title = "{The clustering of galaxies in the completed SDSS-III Baryon Oscillation Spectroscopic Survey: observational systematics and baryon acoustic oscillations in the correlation function}",
  journal = {\mnras},
archivePrefix = "arXiv",
   eprint = {1607.03145},
 keywords = {cosmology: observations, large-scale structure of Universe},
     year = 2017,
    month = jan,
   volume = 464,
    pages = {1168-1191},
      doi = {10.1093/mnras/stw2372},
   adsurl = {http://adsabs.harvard.edu/abs/2017MNRAS.464.1168R},
  adsnote = {Provided by the SAO/NASA Astrophysics Data System}
}

@ARTICLE{zheng07,
   author = {{Zheng}, Z. and {Coil}, A.~L. and {Zehavi}, I.},
    title = "{Galaxy Evolution from Halo Occupation Distribution Modeling of DEEP2 and SDSS Galaxy Clustering}",
  journal = {\apj},
   eprint = {astro-ph/0703457},
 keywords = {Cosmology: Observations, Galaxies: Distances and Redshifts, Galaxies: Evolution, Galaxies: Halos, Galaxies: Statistics, Cosmology: Large-Scale Structure of Universe},
     year = 2007,
    month = oct,
   volume = 667,
    pages = {760-779},
      doi = {10.1086/521074},
   adsurl = {http://adsabs.harvard.edu/abs/2007ApJ...667..760Z},
  adsnote = {Provided by the SAO/NASA Astrophysics Data System}
}

@ARTICLE{zheng09,
   author = {{Zheng}, Z. and {Zehavi}, I. and {Eisenstein}, D.~J. and {Weinberg}, D.~H. and 
	{Jing}, Y.~P.},
    title = "{Halo Occupation Distribution Modeling of Clustering of Luminous Red Galaxies}",
  journal = {\apj},
archivePrefix = "arXiv",
   eprint = {0809.1868},
 keywords = {cosmology: observations, galaxies: clusters: general, galaxies: elliptical and lenticular, cD, galaxies: evolution, galaxies: halos, galaxies: statistics},
     year = 2009,
    month = dec,
   volume = 707,
    pages = {554-572},
      doi = {10.1088/0004-637X/707/1/554},
   adsurl = {http://adsabs.harvard.edu/abs/2009ApJ...707..554Z},
  adsnote = {Provided by the SAO/NASA Astrophysics Data System}
}

@ARTICLE{white11,
   author = {{White}, M. and {Blanton}, M. and {Bolton}, A. and {Schlegel}, D. and 
	{Tinker}, J. and {Berlind}, A. and {da Costa}, L. and {Kazin}, E. and 
	{Lin}, Y.-T. and {Maia}, M. and {McBride}, C.~K. and {Padmanabhan}, N. and 
	{Parejko}, J. and {Percival}, W. and {Prada}, F. and {Ramos}, B. and 
	{Sheldon}, E. and {de Simoni}, F. and {Skibba}, R. and {Thomas}, D. and 
	{Wake}, D. and {Zehavi}, I. and {Zheng}, Z. and {Nichol}, R. and 
	{Schneider}, D.~P. and {Strauss}, M.~A. and {Weaver}, B.~A. and 
	{Weinberg}, D.~H.},
    title = "{The Clustering of Massive Galaxies at z \~{} 0.5 from the First Semester of BOSS Data}",
  journal = {\apj},
archivePrefix = "arXiv",
   eprint = {1010.4915},
 keywords = {large-scale structure of universe},
     year = 2011,
    month = feb,
   volume = 728,
      eid = {126},
    pages = {126},
      doi = {10.1088/0004-637X/728/2/126},
   adsurl = {http://adsabs.harvard.edu/abs/2011ApJ...728..126W},
  adsnote = {Provided by the SAO/NASA Astrophysics Data System}
}